<record><leader>00000cas a22000007a 4500</leader><controlfield tag="001">41882851</controlfield><controlfield tag="008">990715d19631965tnucr ne      0    0eng d</controlfield><datafield ind1=" " ind2=" " tag="010"><subfield code="a">sn 99065855 </subfield></datafield><datafield ind1=" " ind2=" " tag="040"><subfield code="a">TGN</subfield><subfield code="b">eng</subfield><subfield code="c">TGN</subfield><subfield code="d">OCLCF</subfield><subfield code="d">OCLCO</subfield></datafield><datafield ind1=" " ind2=" " tag="042"><subfield code="a">msc</subfield></datafield><datafield ind1="0" ind2=" " tag="130"><subfield code="a">Post (Kingsport, Tenn.)</subfield></datafield><datafield ind1="0" ind2="0" tag="245"><subfield code="a">Post.</subfield></datafield><datafield ind1=" " ind2=" " tag="260"><subfield code="a">Kingsport, Tenn. :</subfield><subfield code="b">Post Inc.,</subfield><subfield code="c">1963-1965.</subfield></datafield><datafield ind1=" " ind2=" " tag="300"><subfield code="a">v.</subfield></datafield><datafield ind1=" " ind2=" " tag="310"><subfield code="a">Semiweekly, Jan. &lt;25&gt;-Mar. 1, 1965</subfield></datafield><datafield ind1=" " ind2=" " tag="321"><subfield code="a">Weekly,</subfield><subfield code="b">June 27, 1963-Jan. &lt;14&gt;, 1965</subfield></datafield><datafield ind1="0" ind2=" " tag="362"><subfield code="a">Vol. 1, no. 1 (June 27, 1963)-v. 3, no. 14 (Mar. 1, 1965).</subfield></datafield><datafield ind1=" " ind2=" " tag="500"><subfield code="a">Primarily advertisements, June 27, 1963-Mar. 26, 1964.</subfield></datafield><datafield ind1=" " ind2="0" tag="651"><subfield code="a">Kingsport (Tenn.)</subfield><subfield code="v">Newspapers.</subfield></datafield><datafield ind1=" " ind2="0" tag="651"><subfield code="a">Sullivan County (Tenn.)</subfield><subfield code="v">Newspapers.</subfield></datafield><datafield ind1=" " ind2="7" tag="655"><subfield code="a">Newspapers.</subfield><subfield code="2">fast</subfield><subfield code="0">(OCoLC)fst01423814</subfield></datafield><datafield ind1=" " ind2="7" tag="651"><subfield code="a">Tennessee</subfield><subfield code="z">Kingsport.</subfield><subfield code="2">fast</subfield><subfield code="0">(OCoLC)fst01215433</subfield></datafield><datafield ind1=" " ind2="7" tag="651"><subfield code="a">Tennessee</subfield><subfield code="z">Sullivan County.</subfield><subfield code="2">fast</subfield><subfield code="0">(OCoLC)fst01207171</subfield></datafield><datafield ind1=" " ind2=" " tag="752"><subfield code="a">United States</subfield><subfield code="b">Tennessee</subfield><subfield code="c">Sullivan</subfield><subfield code="d">Kingsport.</subfield></datafield><datafield ind1="0" ind2="0" tag="785"><subfield code="t">Kingsport post</subfield><subfield code="w">(DLC)sn 99065856</subfield></datafield></record>